@article{warburton, 
	author="Warburton, Darren E.R. and Nicol, Crystal W. and Bredin, Shannon, S.D",
	title="Health benefits of physical activity:the evidence",
	journal="Canadian Medical Association Journal",
	year="2006",
	volume="176",
	pages="801-9"
}


@misc{cdc,
	author="CDC",
	title="CDC Website",
	howpublished= {\url{https://www.cdc.gov/physicalactivity/basics/adults/}},
	note={Accessed: 2017-01-15}
}


@misc{odphp,
	author="Office of Disease Prevention and Health Promotion",
	title="Health.gov Website",
	howpublished= {\url{https://health.gov/paguidelines/guidelines/chapter2.aspx}},
	note={Accessed: 2017-01-15}
}

@misc{obese,
	author="CDC",
	title="CDC Website",
	howpublished= {\url{https://www.cdc.gov/nchs/fastats/obesity-overweight.htm}},
	note={Accessed: 2017-01-15}
}

@misc{nutrition,
	author="Department of Health and Human Services",
	title="Health.gov Website",
	howpublished= {\url{https://health.gov/dietaryguidelines/2015-binder/meeting1/historycurrentuse.aspx}},
	note={Accessed: 2017-01-15}
}

@article{reiner, 
	author="Reiner, Miriam and Niermann, Christina and Jekauc, Darko and Woll, Alexander",
	title="Long-term health benefits of physical activity-a systematic review of longitudinal studies",
	journal="BMC Public Health",
	year="2013",
	volume="13"
}

@article{kim, 
	author="Kim, Youngdeok and Welk, Gregory, J. and Braun, Saori I. and Kang, Minsoo",
	title="Extracting Objective Estimates of Sedentary Behavior from Accelerometer Data: Measurement Considerations for Surveillance and Research Applications",
	journal="PLOS One",
	year="2015"
}

